<record><leader>00000cas a2200000 a 4500</leader><controlfield tag="001">9769486</controlfield><controlfield tag="008">830802d18131831maudn ne      0    0eng c</controlfield><datafield ind1=" " ind2=" " tag="010"><subfield code="a">sn 83020953 </subfield></datafield><datafield ind1=" " ind2=" " tag="040"><subfield code="a">NPX</subfield><subfield code="b">eng</subfield><subfield code="c">NPX</subfield><subfield code="d">DLC</subfield><subfield code="d">NPA</subfield><subfield code="d">OCL</subfield><subfield code="d">NJW</subfield><subfield code="d">KNP</subfield><subfield code="d">MGN</subfield><subfield code="d">DLC</subfield><subfield code="d">MGN</subfield><subfield code="d">KNP</subfield><subfield code="d">MGN</subfield><subfield code="d">CRL</subfield><subfield code="d">CNK</subfield><subfield code="d">DLC</subfield><subfield code="d">OCL</subfield><subfield code="d">CVF</subfield><subfield code="d">DLC</subfield><subfield code="d">IUL</subfield><subfield code="d">NYS</subfield><subfield code="d">OCLCG</subfield><subfield code="d">DLC</subfield><subfield code="d">OCLCQ</subfield><subfield code="d">OCLCF</subfield><subfield code="d">OCLCO</subfield><subfield code="d">CUS</subfield></datafield><datafield ind1=" " ind2=" " tag="012"><subfield code="b">3</subfield></datafield><datafield ind1=" " ind2=" " tag="019"><subfield code="a">10632316</subfield></datafield><datafield ind1=" " ind2=" " tag="042"><subfield code="a">pcc</subfield></datafield><datafield ind1=" " ind2=" " tag="043"><subfield code="a">n-us-ma</subfield></datafield><datafield ind1="0" ind2="0" tag="050"><subfield code="a">Newspaper</subfield></datafield><datafield ind1="1" ind2="4" tag="050"><subfield code="a">AN</subfield></datafield><datafield ind1="0" ind2=" " tag="130"><subfield code="a">Boston daily advertiser (Boston, Mass. : 1813)</subfield></datafield><datafield ind1="1" ind2="0" tag="245"><subfield code="a">Boston daily advertiser.</subfield></datafield><datafield ind1="1" ind2=" " tag="246"><subfield code="i">Issues for Mar. 3, 1813-May 29, 1813 published as:</subfield><subfield code="a">Daily advertiser and repertory</subfield></datafield><datafield ind1="1" ind2="3" tag="246"><subfield code="a">Boston daily advertiser and repertory</subfield></datafield><datafield ind1=" " ind2=" " tag="260"><subfield code="a">[Boston, Mass.] :</subfield><subfield code="b">Wm. W. Clapp,</subfield><subfield code="c">1813-1831.</subfield></datafield><datafield ind1=" " ind2=" " tag="300"><subfield code="a">40 v. ;</subfield><subfield code="c">52 cm.</subfield></datafield><datafield ind1=" " ind2=" " tag="310"><subfield code="a">Daily (except Sunday)</subfield></datafield><datafield ind1="0" ind2=" " tag="362"><subfield code="a">Vol. 1, no. 1 (Mar. 3, 1813)-v. 40, no. 10,647 (Dec. 31, 1831).</subfield></datafield><datafield ind1=" " ind2=" " tag="500"><subfield code="a">Publisher: N. Hale, 1814-1831.</subfield></datafield><datafield ind1=" " ind2=" " tag="515"><subfield code="a">Vol. 3, no. 1 (Sept. 1, 1813)-v. 36, no. 217 (Mar. 3, 1824) called also whole no. 156-6057.</subfield></datafield><datafield ind1=" " ind2=" " tag="530"><subfield code="a">Available on microopaque from Readex Microprint Corp., and on microfilm from Graphic Microfilm of New England, Library of Congress, Photoduplication Service, and Readex Microprint Corp.</subfield></datafield><datafield ind1=" " ind2=" " tag="580"><subfield code="a">Merged with: Boston patriot &amp; mercantile advertiser; to form: Boston daily advertiser &amp; patriot.</subfield></datafield><datafield ind1=" " ind2=" " tag="580"><subfield code="a">Triweekly eds.: Repertory (Boston, Mass. : 1813), Mar. 4, 1813-May 24, 1827, and: Boston advertiser (Boston, Mass. : 1827), May 26, 1827-1831.</subfield></datafield><datafield ind1=" " ind2="0" tag="651"><subfield code="a">Boston (Mass.)</subfield><subfield code="v">Newspapers.</subfield></datafield><datafield ind1=" " ind2="0" tag="651"><subfield code="a">Suffolk County (Mass.)</subfield><subfield code="v">Newspapers.</subfield></datafield><datafield ind1=" " ind2="7" tag="651"><subfield code="a">Massachusetts</subfield><subfield code="z">Boston.</subfield><subfield code="2">fast</subfield><subfield code="0">(OCoLC)fst01205012</subfield></datafield><datafield ind1=" " ind2="7" tag="651"><subfield code="a">Massachusetts</subfield><subfield code="z">Suffolk County.</subfield><subfield code="2">fast</subfield><subfield code="0">(OCoLC)fst01206189</subfield></datafield><datafield ind1=" " ind2="7" tag="655"><subfield code="a">Newspapers.</subfield><subfield code="2">fast</subfield><subfield code="0">(OCoLC)fst01423814</subfield></datafield><datafield ind1="1" ind2=" " tag="700"><subfield code="a">Hale, Nathan,</subfield><subfield code="d">1784-1863.</subfield></datafield><datafield ind1=" " ind2=" " tag="752"><subfield code="a">United States</subfield><subfield code="b">Massachusetts</subfield><subfield code="c">Suffolk</subfield><subfield code="d">Boston.</subfield></datafield><datafield ind1="1" ind2=" " tag="775"><subfield code="t">Repertory (Boston, Mass. : 1813)</subfield><subfield code="w">(DLC)sn 83020527</subfield><subfield code="w">(OCoLC)9379472</subfield></datafield><datafield ind1="1" ind2=" " tag="775"><subfield code="t">Boston advertiser (Boston, Mass. : 1827)</subfield><subfield code="w">(DLC)sn 83021251</subfield><subfield code="w">(OCoLC)10047033</subfield></datafield><datafield ind1="1" ind2="7" tag="785"><subfield code="t">Boston patriot &amp; mercantile advertiser</subfield><subfield code="w">(DLC)sn 83020951</subfield><subfield code="w">(OCoLC)9660837</subfield></datafield><datafield ind1="1" ind2="7" tag="785"><subfield code="t">Boston daily advertiser &amp; patriot</subfield><subfield code="w">(DLC)sn 83045166</subfield><subfield code="w">(OCoLC)9781575</subfield></datafield><datafield ind1="4" ind2="1" tag="856"><subfield code="3">01/01/1822 to 12/31/1823</subfield><subfield code="u">http://infoweb.newsbank.com/?db=EANX&amp;s_browseRef=decades/109E426370EFFFF8/all.xml</subfield></datafield></record>